% This file was created with JabRef 2.10.
% Encoding: UTF8


@InProceedings{husky,
  Title                    = {Husky},
  Author                   = {{Clearpath Robotics}},
  Booktitle                = {ROS Wiki},
  Year                     = {2015},

  Owner                    = {morita},
  Timestamp                = {2016.12.09},
  Url                      = {http://wiki.ros.org/Robots/Husky}
}

@Misc{gazebo,
  Title                    = {GAZEBO},

  Author                   = {{Open Source Robotics Foundation}},
  Year                     = {2016},

  Owner                    = {morita},
  Timestamp                = {2016.12.09},
  Url                      = {http://gazebosim.org/}
}

@InProceedings{ros_control_wiki,
  Title                    = {ros\_control},
  Author                   = {{Open Source Robotics Foundation}},
  Booktitle                = {ROS Wiki},
  Year                     = {2016},

  Owner                    = {morita},
  Timestamp                = {2016.12.09},
  Url                      = {http://wiki.ros.org/ros_control}
}

@InProceedings{chibainst2015,
  Title                    = {ロボットシステムORNEの開発 - 千葉工業大学ロボット設計制御研究室の取り組み - },
  Author                   = {夏迫和也，井上裕文，霜村瞭，秦和也，寺戸翔太郎，林原靖男},
  Booktitle                = {つくばチャレンジ2015参加レポート集},
  Year                     = {2015},
  Pages                    = {38--43}
}

@InProceedings{tokudome2016,
  Title                    = {LIDAR の計測データの重畳による遠方の歩行者認識},
  Author                   = {徳留成亮，鮎川秀平，西田健},
  Booktitle                = {第35回計測自動制御学会九州支部学術講演会},
  Year                     = {2016},
  Pages                    = {23--26}
}

@Misc{openvpn,
  Title                    = {OpenVPN},
  Year                     = {2016},

  Owner                    = {morita},
  Timestamp                = {2016.12.09},
  Url                      = {https://openvpn.net/}
}

