@Article{Uchino06,
  author	= {内野, 進一 and 高橋, 良至 and Mario, Elsayeh},
  yomi		= {Shinichi Uchino and Yoshiyuki Takahashi and Mario Elsayeh},
  title		= {生活支援用マスタスレーブハンドシステムの開発},
  journal	= {日本機械学会関東支部総会講演会講演論文集},
  volume	= {12},
  pages		= {311-312},
  year		= {2006},
}
