@Book{Keizai15,
  editor    = "経済産業省",
  title	    = "ロボット新戦略",
  publisher = "製造産業局",
  year	    = 2015,
  yomi	    = "けいざいさんぎょうしょう",
  access	= {18th Sept, 2015},
  url		= {http://www.meti.go.jp/press/2014/01/20150123004/20150123004b.pdf},
}

@book{Naikaku15,
  editor	= "内閣府",
  title	    = "高齢化の状況及び高齢化社会対策の実施状況",
  publisher = "内閣府",
  year	    = 2015,
  yomi	    = "ないかくふ",
  access	= {18th Sept, 2015},
  url		= {http://www8.cao.go.jp/kourei/whitepaper/w-2015/zenbun/pdf/1s1s_1.pdf},
}
